<?xml version="1.0" encoding="UTF-8"?><collection xmlns="http://www.loc.gov/MARC21/slim"><record><leader>00720nam--2200193-i-4500</leader><controlfield tag="001">000030205</controlfield><controlfield tag="002">20161230</controlfield><controlfield tag="005">20161230201038</controlfield><controlfield tag="008">060222s1000------------r-----000-0-eng-d</controlfield><datafield ind1=" " ind2=" " tag="020"><subfield code="a">0306400340</subfield></datafield><datafield ind1=" " ind2=" " tag="040"><subfield code="a">IFIN-HH</subfield></datafield><datafield ind1=" " ind2=" " tag="080"><subfield code="a">535.37:538.958:541-16</subfield></datafield><datafield ind1="1" ind2=" " tag="100"><subfield code="a">Di Bartolo, Baldassare</subfield></datafield><datafield ind1="1" ind2="0" tag="245"><subfield code="a">Luminescence of inorganic solids</subfield><subfield code="b">Proceedings of course on luminescence of inorganic solids sponsored by the international school of atomic and molecular spectroscopy of the ettore majorana center for scientific culture</subfield><subfield code="c">Baldassare di bartolo (ed.)</subfield></datafield><datafield ind1=" " ind2=" " tag="260"><subfield code="a">New York</subfield><subfield code="b">Plenum Press</subfield><subfield code="c">1977</subfield></datafield><datafield ind1=" " ind2=" " tag="300"><subfield code="a">XIX + 700P</subfield></datafield><datafield ind1=" " ind2="4" tag="650"><subfield code="a">Solid state chemistry</subfield></datafield><datafield ind1=" " ind2=" " tag="852"><subfield code="a">75110</subfield><subfield code="c">535.37</subfield></datafield><datafield ind1=" " ind2=" " tag="CAT"><subfield code="a">Sys</subfield><subfield code="c">20110428</subfield><subfield code="h">142959</subfield></datafield></record></collection>